% This file was created with JabRef 2.8.1.
% Encoding: Cp1252

@ARTICLE{koppula2013detectingactivitiesrgbd,
  author = {Hema Koppula and Rudhir Gupta and Ashutosh Saxena},
  title = {Learning Human Activities and Object Affordances from RGB-D Videos},
  journal = {IJRR},
  year = {2013}
}

@INPROCEEDINGS{Sivic03,
  author = {Sivic, J. and Zisserman, A.},
  title = {{Video Google}: {A} Text Retrieval Approach to Object Matching in
	Videos},
  booktitle = {Proceedings of the International Conference on Computer Vision},
  year = {2003}
}

@INBOOK{sutton06introduction,
  title = {Introduction to Conditional Random Fields for Relational Learning},
  publisher = {MIT Press},
  year = {2006},
  editor = {Getoor, Lise and Taskar, Ben},
  author = {Sutton, Charles and Mccallum, Andrew}
}

@MANUAL{PrimeSense2010,
  title = {Prime Sensor™ NITE 1.3 Algorithms notes},
  organization = {PrimeSense Inc.},
  year = {2010},
  url = {http://www.primesense.com}
}

@inproceedings{sung2012unstructured,
  title={Unstructured human activity detection from rgbd images},
  author={Sung, Jaeyong and Ponce, Colin and Selman, Bart and Saxena, Ashutosh},
  booktitle={Robotics and Automation (ICRA), 2012 IEEE International Conference on},
  pages={842--849},
  year={2012},
  organization={IEEE}
}

@inproceedings{gall2011functional,
  title={Functional categorization of objects using real-time markerless motion capture},
  author={Gall, Juergen and Fossati, Andrea and Van Gool, Luc},
  booktitle={Computer Vision and Pattern Recognition (CVPR), 2011 IEEE Conference on},
  pages={1969--1976},
  year={2011},
  organization={IEEE}
}

@inproceedings{koppula2013anticipating,
  title={Anticipating Human Activities using Object Affordances for Reactive Robotic Response.},
  author={Koppula, Hema Swetha and Saxena, Ashutosh},
  booktitle={Robotics: Science and Systems},
  year={2013}
}

@comment{jabref-meta: selector_review:}

@comment{jabref-meta: selector_publisher:}

@comment{jabref-meta: selector_author:}

@comment{jabref-meta: selector_journal:}

@comment{jabref-meta: selector_keywords:}

